@misc{edmondson_2014_ted,
  title={Building a psychologically safe workplace},
  author={Edmondson, A.},
  url={https://www.youtube.com/watch?v=LhoLuui9gX8},
  year={2014},
}

@article{edmondson_1999,
  title={Psychological Safety and Learning Behavior in Work Teams},
  author={Edmondson, A.},
  url={https://doi.org/10.2307/2666999},
  DOI={10.2307/2666999},
  year={1999},
}

@article{balter_2014,
  title={15 rules for communicating at GitHub},
  author={Balter, B.},
  url={https://ben.balter.com/2014/11/06/rules-of-communicating-at-github/},
  year={2014},
}
